@incollection{speech-history,
title = {Speech Recognition, Automatic: History},
editor = {Keith Brown},
booktitle = {Encyclopedia of Language and Linguistics (Second Edition)},
publisher = {Elsevier},
edition = {Second Edition},
address = {Oxford},
pages = {806-819},
year = {2006},
isbn = {978-0-08-044854-1},
doi = {https://doi.org/10.1016/B0-08-044854-2/00906-8},
url = {https://www.sciencedirect.com/science/article/pii/B0080448542009068},
author = {B.-H. Juang and L.R. Rabiner},
}

@article{tommy-base-paper,
title = "Investigating the Design Space of Diffusion Models for Speech Enhancement",
author = "Philippe Gonzalez and Zheng-Hua Tan and Jan {\O}stergaard and Jesper Jensen and Alstr{\o}m, \{Tommy Sonne\} and Tobias May",
year = "2024",
doi = "10.1109/TASLP.2024.3473319",
language = "English",
volume = "32",
pages = "4486--4500",
journal = "IEEE/ACM Transactions on Audio, Speech, and Language Processing",
issn = "2329-9304",
publisher = "IEEE Advancing Technology for Humanity",
}

@misc{dictionary-diffusion,
author = {Merriam-Webster},
title = {Diffusion}, 
year = {2025},
url = {https://www.merriam-webster.com/dictionary/diffusion},
note = {Accessed: 2025-08-20}
}

@misc{intro-diffusion-process,
title={Lecture Notes in Probabilistic Diffusion Models}, 
author={Inga Str√ºmke and Helge Langseth},
year={2023},
eprint={2312.10393},
archivePrefix={arXiv},
primaryClass={cs.LG},
url={https://arxiv.org/abs/2312.10393}, 
}

@misc{ddpm,
title={Denoising Diffusion Probabilistic Models}, 
author={Jonathan Ho and Ajay Jain and Pieter Abbeel},
year={2020},
eprint={2006.11239},
archivePrefix={arXiv},
primaryClass={cs.LG},
url={https://arxiv.org/abs/2006.11239}, 
}

@book{ml-book,
  author = {Sergios Theodoridis},
  publisher = {Peter Linsley},
  title = {Machine Learning: From the Classics to Deep Networks, Transformers, and Diffusion Models cite},
  year = {2025}
}